[
  {
    "id": "101",
    "category": "Dairy",
    "name": "Madeta Jihočeské trvanlivé polotučné mléko 1,5%",
    "unit": "ml",
    "source": "rohlik",
    "rohlik_id": 712181,
    "rohlik_url": "https://www.rohlik.cz/712181-madeta-jihoceske-trvanlive-polotucne-mleko-1-5",
    "search_term": "Madeta Jihočeské trvanlivé polotučné mléko 1,5%",
    "package_price": 25.4,
    "package_size": "1000ml",
    "price_per_unit": 0.0254,
    "auto_price": {
      "scraped_price": 25.4,
      "scraped_unit_price": 25.4,
      "updated_at": "2025-12-22T09:15:54+00:00",
      "status": "active"
    }
  },
  {
    "id": "102",
    "category": "Dairy",
    "name": "Smetana ke šlehání 33 %",
    "unit": "ml",
    "source": "rohlik",
    "rohlik_id": 1309487,
    "rohlik_url": "https://www.rohlik.cz/1309487-bohemilk-cerstva-smetana-ke-slehani-33",
    "search_term": "smetana ke šlehání 33% 250ml",
    "package_price": 47.9,
    "package_size": "250ml",
    "price_per_unit": 0.1916,
    "auto_price": {
      "scraped_price": 47.9,
      "scraped_unit_price": 191.6,
      "updated_at": "2025-12-22T09:15:54+00:00",
      "status": "active"
    }
  },
  {
    "id": "103",
    "category": "Dairy",
    "name": "Kunín Šlehačka de luxe 40%",
    "unit": "ml",
    "source": "rohlik",
    "rohlik_id": 1296101,
    "rohlik_url": "https://www.rohlik.cz/1296101-mlekarna-kunin-slehacka-de-luxe-40",
    "search_term": "smetana 40% kunín",
    "package_price": 49.9,
    "package_size": "200ml",
    "price_per_unit": 0.2495,
    "auto_price": {
      "scraped_price": 49.9,
      "scraped_unit_price": 249.5,
      "updated_at": "2025-12-22T09:15:54+00:00",
      "status": "active"
    }
  },
  {
    "id": "104",
    "category": "Dairy",
    "name": "Madeta Jihočeské máslo 82 %",
    "unit": "g",
    "source": "rohlik",
    "rohlik_id": 726539,
    "rohlik_url": "https://www.rohlik.cz/726539-madeta-jihoceske-maslo-82",
    "search_term": "máslo 82% 250g",
    "package_price": 69.9,
    "package_size": "250g",
    "price_per_unit": 0.2796,
    "auto_price": {
      "scraped_price": 69.9,
      "scraped_unit_price": 279.6,
      "updated_at": "2025-12-22T09:15:54+00:00",
      "status": "active"
    }
  },
  {
    "id": "105",
    "category": "Dairy",
    "name": "Tvaroh tučný",
    "unit": "g",
    "source": "rohlik",
    "rohlik_id": 1303585,
    "rohlik_url": "https://www.rohlik.cz/1303585-milko-tvaroh-tucny",
    "search_term": "tvaroh tučný vanička 250g",
    "package_price": 32.9,
    "package_size": "250g",
    "price_per_unit": 0.1316,
    "auto_price": {
      "scraped_price": 32.9,
      "scraped_unit_price": 131.6,
      "updated_at": "2025-12-22T09:15:54+00:00",
      "status": "active"
    }
  },
  {
    "id": "106",
    "category": "Dairy",
    "name": "Mascarpone",
    "unit": "g",
    "source": "rohlik",
    "rohlik_id": 761861,
    "rohlik_url": "https://www.rohlik.cz/761861-galbani-mascarpone",
    "search_term": "mascarpone 250g",
    "package_price": 99.9,
    "package_size": "250g",
    "price_per_unit": 0.3996,
    "auto_price": {
      "scraped_price": 99.9,
      "scraped_unit_price": 399.6,
      "updated_at": "2025-12-22T09:15:54+00:00",
      "status": "active"
    }
  },
  {
    "id": "107",
    "category": "Dairy",
    "name": "Philadelphia Original Smetanový sýr | Cream Cheese",
    "unit": "g",
    "source": "rohlik",
    "rohlik_id": 761943,
    "rohlik_url": "https://www.rohlik.cz/761943-philadelphia-original-smetanovy-syr",
    "search_term": "philadelphia original",
    "package_price": 63.9,
    "package_size": "125g",
    "price_per_unit": 0.5112,
    "auto_price": {
      "scraped_price": 63.9,
      "scraped_unit_price": 511.2,
      "updated_at": "2025-12-22T09:15:54+00:00",
      "status": "active"
    }
  },
  {
    "id": "108",
    "category": "Dairy",
    "name": "Kunín Zakysaná smetana de luxe 20%",
    "unit": "g",
    "source": "rohlik",
    "rohlik_id": 1299943,
    "rohlik_url": "https://www.rohlik.cz/1299943-mlekarna-kunin-zakysana-smetana-de-luxe-20",
    "search_term": "zakysaná smetana 15%",
    "package_price": 37.9,
    "package_size": "190g",
    "price_per_unit": 0.19947,
    "auto_price": {
      "scraped_price": 37.9,
      "scraped_unit_price": 199.47,
      "updated_at": "2025-12-22T09:15:54+00:00",
      "status": "active"
    }
  },
  {
    "id": "110",
    "category": "Dairy",
    "name": "Podestýlková vejce čerstvá M",
    "unit": "ks",
    "source": "rohlik",
    "rohlik_id": 1394444,
    "rohlik_url": "https://www.rohlik.cz/1394444-schubert-podestylkova-vejce-cerstva-m",
    "search_term": "vejce M 10ks",
    "package_price": 79.9,
    "package_size": "10ks",
    "price_per_unit": 7.99,
    "auto_price": {
      "scraped_price": 79.9,
      "scraped_unit_price": 7.99,
      "updated_at": "2025-12-22T09:15:54+00:00",
      "status": "active"
    }
  },
  {
    "id": "150",
    "category": "Dairy Alt",
    "name": "Mléko Ovesné (Barista) | Oatly! Ovesný nápoj Barista Edition",
    "unit": "ml",
    "source": "rohlik",
    "rohlik_id": 1379277,
    "rohlik_url": "https://www.rohlik.cz/1379277-oatly-ovesny-napoj-barista-edition",
    "search_term": "oatly barista",
    "package_price": 74.9,
    "package_size": "1000ml",
    "price_per_unit": 0.0749,
    "auto_price": {
      "scraped_price": 74.9,
      "scraped_unit_price": 74.9,
      "updated_at": "2025-12-22T09:15:54+00:00",
      "status": "active"
    }
  },
  {
    "id": "201",
    "category": "Dry",
    "name": "Mouka Pšeničná Hladká",
    "unit": "g",
    "source": "rohlik",
    "rohlik_id": 1316775,
    "rohlik_url": "https://www.rohlik.cz/1316775-cesky-mlynar-mouka-psenicna-hladka",
    "search_term": "mouka hladká pšeničná světlá",
    "package_price": 12.9,
    "package_size": "1000g",
    "price_per_unit": 0.0129,
    "auto_price": {
      "scraped_price": 12.9,
      "scraped_unit_price": 12.9,
      "updated_at": "2025-12-22T09:15:54+00:00",
      "status": "active"
    }
  },
  {
    "id": "204",
    "category": "Dry",
    "name": "Mouka Mandlová",
    "unit": "g",
    "source": "rohlik",
    "rohlik_id": 1463162,
    "rohlik_url": "https://www.rohlik.cz/1463162-grizly-mandlova-mouka-extra-jemnanull",
    "search_term": "mandlová mouka",
    "package_price": 204.9,
    "package_size": "500g",
    "price_per_unit": 0.4098,
    "auto_price": {
      "scraped_price": 204.9,
      "scraped_unit_price": 409.8,
      "updated_at": "2025-12-22T09:15:54+00:00",
      "status": "active"
    }
  },
  {
    "id": "205",
    "category": "Dry",
    "name": "Cukr Krupice/Krystal",
    "unit": "g",
    "source": "rohlik",
    "rohlik_id": 1466508,
    "rohlik_url": "https://www.rohlik.cz/1466508-kitchin-cukr-krystal",
    "search_term": "cukr krupice bílý",
    "package_price": 19.9,
    "package_size": "1000g",
    "price_per_unit": 0.0199,
    "auto_price": {
      "scraped_price": 19.9,
      "scraped_unit_price": 19.9,
      "updated_at": "2025-12-22T09:15:54+00:00",
      "status": "active"
    }
  },
  {
    "id": "206",
    "category": "Dry",
    "name": "Cukr Moučka",
    "unit": "g",
    "source": "rohlik",
    "rohlik_id": 1466510,
    "rohlik_url": "https://www.rohlik.cz/1466510-kitchin-cukr-moucka",
    "search_term": "cukr moučka",
    "package_price": 24.9,
    "package_size": "1000g",
    "price_per_unit": 0.0249,
    "auto_price": {
      "scraped_price": 24.9,
      "scraped_unit_price": 24.9,
      "updated_at": "2025-12-22T09:15:54+00:00",
      "status": "active"
    }
  },
  {
    "id": "207",
    "category": "Dry",
    "name": "Kakao holandského typu",
    "unit": "g",
    "source": "rohlik",
    "rohlik_id": 1346411,
    "rohlik_url": "https://www.rohlik.cz/1346411-marila-kakao-holandskeho-typu",
    "search_term": "kakao holandské 100g",
    "package_price": 39.9,
    "package_size": "100g",
    "price_per_unit": 0.399,
    "auto_price": {
      "scraped_price": 39.9,
      "scraped_unit_price": 399.0,
      "updated_at": "2025-12-22T09:15:54+00:00",
      "status": "active"
    }
  },
  {
    "id": "301",
    "category": "Chemistry",
    "name": "Kypřicí prášek",
    "unit": "ks",
    "source": "rohlik",
    "rohlik_id": 1331809,
    "rohlik_url": "https://www.rohlik.cz/1331809-dr-oetker-kyprici-prasek-do-peciva-5x12g",
    "search_term": "kypřicí prášek do pečiva 5ks",
    "package_price": 18.9,
    "package_size": "5ks",
    "price_per_unit": 3.78,
    "auto_price": {
      "scraped_price": 18.9,
      "scraped_unit_price": 315.0,
      "updated_at": "2025-12-22T09:15:54+00:00",
      "status": "active"
    }
  },
  {
    "id": "304",
    "category": "Chemistry",
    "name": "Želatina plátková",
    "unit": "ks",
    "source": "rohlik",
    "rohlik_id": 1295665,
    "rohlik_url": "https://www.rohlik.cz/1295665-dr-oetker-zelatina-v-platcich-6-ks",
    "search_term": "želatina plátková dr oetker",
    "package_price": 40.9,
    "package_size": "6ks",
    "price_per_unit": 6.81667,
    "auto_price": {
      "scraped_price": 40.9,
      "scraped_unit_price": 4090.0,
      "updated_at": "2025-12-22T09:15:54+00:00",
      "status": "active"
    }
  },
  {
    "id": "401",
    "category": "Choco",
    "name": "Čokoláda Hořká 70% (Kvalitní)",
    "unit": "g",
    "source": "rohlik",
    "rohlik_id": 1441125,
    "rohlik_url": "https://www.rohlik.cz/1441125-schogetten-cokolada-horka",
    "search_term": "Schogetten Čokoláda hořká",
    "package_price": 47.9,
    "package_size": "100g",
    "price_per_unit": 0.479,
    "auto_price": {
      "scraped_price": 47.9,
      "scraped_unit_price": 479.0,
      "updated_at": "2025-12-22T09:15:54+00:00",
      "status": "active"
    }
  },
  {
    "id": "402",
    "category": "Choco",
    "name": "Čokoláda Mléčná (Kvalitní)",
    "unit": "g",
    "source": "rohlik",
    "rohlik_id": 1441123,
    "rohlik_url": "https://www.rohlik.cz/1441123-schogetten-cokolada-mlecna",
    "search_term": "Schogetten Čokoláda mléčná",
    "package_price": 47.9,
    "package_size": "100g",
    "price_per_unit": 0.479,
    "auto_price": {
      "scraped_price": 47.9,
      "scraped_unit_price": 479.0,
      "updated_at": "2025-12-22T09:15:54+00:00",
      "status": "active"
    }
  },
  {
    "id": "403",
    "category": "Choco",
    "name": "Čokoláda Bílá",
    "unit": "g",
    "source": "rohlik",
    "rohlik_id": 1441127,
    "rohlik_url": "https://www.rohlik.cz/1441127-schogetten-cokolada-bila",
    "search_term": "Schogetten Čokoláda bílá",
    "package_price": 47.9,
    "package_size": "100g",
    "price_per_unit": 0.479,
    "auto_price": {
      "scraped_price": 47.9,
      "scraped_unit_price": 479.0,
      "updated_at": "2025-12-22T09:15:54+00:00",
      "status": "active"
    }
  },
  {
    "id": "404",
    "category": "Paste",
    "name": "Pistáciová pasta",
    "unit": "g",
    "source": "rohlik",
    "rohlik_id": 1421609,
    "rohlik_url": "https://www.rohlik.cz/1421609-kolatch-tuba-pistaciovy-dezert",
    "search_term": "Kolatch Tuba Pistáciový dezert",
    "package_price": 64.9,
    "package_size": "45g",
    "price_per_unit": 1.44222,
    "auto_price": {
      "scraped_price": 64.9,
      "scraped_unit_price": 1442.22,
      "updated_at": "2025-12-22T09:15:54+00:00",
      "status": "active"
    }
  },
  {
    "id": "407",
    "category": "Paste",
    "name": "Vanilková pasta",
    "unit": "g",
    "source": "rohlik",
    "rohlik_id": 1330535,
    "rohlik_url": "https://www.rohlik.cz/1330535-dr-oetker-vanilkova-pasta-s-mletym-vanilkovym-luskem",
    "search_term": "vanilková pasta dr oetker",
    "package_price": 209.9,
    "package_size": "100g",
    "price_per_unit": 2.099,
    "auto_price": {
      "scraped_price": 209.9,
      "scraped_unit_price": 2099.0,
      "updated_at": "2025-12-22T09:15:54+00:00",
      "status": "active"
    }
  },
  {
    "id": "408",
    "category": "Paste",
    "name": "Vanilkový lusk",
    "unit": "ks",
    "source": "manual",
    "rohlik_id": null,
    "rohlik_url": null,
    "search_term": "vanilkový lusk",
    "package_price": 50.0,
    "package_size": "1ks",
    "price_per_unit": 50.0,
    "auto_price": null
  },
  {
    "id": "501",
    "category": "Fruit",
    "name": "Mražené Jahody",
    "unit": "g",
    "source": "rohlik",
    "rohlik_id": 1419922,
    "rohlik_url": "https://www.rohlik.cz/1419922-agro-jesenice-jahody",
    "search_term": "Agro Jesenice Jahody",
    "package_price": 49.9,
    "package_size": "350g",
    "price_per_unit": 0.14257,
    "auto_price": {
      "scraped_price": 49.9,
      "scraped_unit_price": 142.57,
      "updated_at": "2025-12-22T09:15:54+00:00",
      "status": "active"
    }
  },
  {
    "id": "502",
    "category": "Fruit",
    "name": "Mražené Maliny",
    "unit": "g",
    "source": "rohlik",
    "rohlik_id": 1419924,
    "rohlik_url": "https://www.rohlik.cz/1419924-agro-jesenice-maliny",
    "search_term": "Agro Jesenice Maliny",
    "package_price": 49.9,
    "package_size": "200g",
    "price_per_unit": 0.2495,
    "auto_price": {
      "scraped_price": 49.9,
      "scraped_unit_price": 249.5,
      "updated_at": "2025-12-22T09:15:54+00:00",
      "status": "active"
    }
  },
  {
    "id": "601",
    "category": "Nuts",
    "name": "Vlašské ořechy",
    "unit": "g",
    "source": "rohlik",
    "rohlik_id": 1436383,
    "rohlik_url": "https://www.rohlik.cz/1436383-yutto-vlasske-orechy-jadra",
    "search_term": "Yutto Vlašské ořechy jádra",
    "package_price": 74.9,
    "package_size": "200g",
    "price_per_unit": 0.3745,
    "auto_price": {
      "scraped_price": 74.9,
      "scraped_unit_price": 374.5,
      "updated_at": "2025-12-22T09:15:54+00:00",
      "status": "active"
    }
  },
  {
    "id": "603",
    "category": "Nuts",
    "name": "Mandle (blanšírované/plátky)",
    "unit": "g",
    "source": "rohlik",
    "rohlik_id": 1426403,
    "rohlik_url": "https://www.rohlik.cz/1426403-yutto-kalifornske-mandle-blansirovane-platky",
    "search_term": "Yutto Kalifornské mandle blanšírované plátky",
    "package_price": 39.9,
    "package_size": "100g",
    "price_per_unit": 0.399,
    "auto_price": {
      "scraped_price": 39.9,
      "scraped_unit_price": 399.0,
      "updated_at": "2025-12-22T09:15:54+00:00",
      "status": "active"
    }
  },
  {
    "id": "703",
    "category": "Alc",
    "name": "Tuzemák (Rum)",
    "unit": "ml",
    "source": "rohlik",
    "rohlik_id": 1287783,
    "rohlik_url": "https://www.rohlik.cz/1287783-bozkov-original-tuzemsky-37-5-obj",
    "search_term": "Božkov Originál Tuzemský 37,5% obj.",
    "package_price": 199.9,
    "package_size": "500ml",
    "price_per_unit": 0.3998,
    "auto_price": {
      "scraped_price": 199.9,
      "scraped_unit_price": 399.8,
      "updated_at": "2025-12-22T09:15:54+00:00",
      "status": "active"
    }
  },
  {
    "id": "902",
    "category": "Pack",
    "name": "Krabice na zákusky",
    "unit": "ks",
    "source": "manual",
    "rohlik_id": null,
    "rohlik_url": null,
    "search_term": "krabice na dort",
    "package_price": 20.0,
    "package_size": "1ks",
    "price_per_unit": 20.0,
    "auto_price": null
  }
]